@article{sylow1872theoremes,
  title={Th{\'e}oremes sur les groupes de substitutions},
  author={Sylow, ML},
  journal={Mathematische Annalen},
  volume={5},
  number={4},
  pages={584--594},
  year={1872},
  publisher={Springer-Verlag}
}

@article{saunders2004derivation,
  title={Derivation of the Born rule from operational assumptions},
  author={Saunders, Simon},
  journal={Proceedings of the Royal Society of London. Series A: Mathematical, Physical and Engineering Sciences},
  volume={460},
  number={2046},
  pages={1771--1788},
  year={2004},
  publisher={The Royal Society}
}

@article{lefschetz1913existence,
  title={On the existence of loci with given singularities},
  author={Lefschetz, Solomon},
  journal={Transactions of the American Mathematical Society},
  volume={14},
  number={1},
  pages={23--41},
  year={1913},
  publisher={JSTOR}
}

@article{lefschetz1937fixed,
  title={On the fixed point formula},
  author={Lefschetz, Solomon},
  journal={Annals of Mathematics},
  pages={819--822},
  year={1937},
  publisher={JSTOR}
}

@article{lefschetz1926intersections,
  title={Intersections and transformations of complexes and manifolds},
  author={Lefschetz, Solomon},
  journal={Transactions of the American Mathematical Society},
  volume={28},
  number={1},
  pages={1--49},
  year={1926},
  publisher={JSTOR}
}

@article{yang1954conservation,
  title={Conservation of isotopic spin and isotopic gauge invariance},
  author={Yang, Chen-Ning and Mills, Robert L},
  journal={Physical review},
  volume={96},
  number={1},
  pages={191},
  year={1954},
  publisher={APS}
}

@article{kondyrev2020categorical,
  title={CATEGORICAL PROOF OF HOLOMORPHIC ATIYAH--BOTT FORMULA},
  author={Kondyrev, Grigory and Prikhodko, Artem},
  journal={Journal of the Institute of Mathematics of Jussieu},
  volume={19},
  number={5},
  pages={1739--1763},
  year={2020},
  publisher={Cambridge University Press}
}

@book{langlands1971euler,
  title={Euler products},
  author={Langlands, Robert P},
  volume={1},
  year={1971},
  publisher={Yale University Press New Haven}
}

@article{ter1996elliptic,
  title={Elliptic operators on Lie groups},
  author={Ter Elst, AFM and Robinson, Derek W},
  journal={Acta Applicandae Mathematica},
  volume={44},
  number={1-2},
  pages={133--150},
  year={1996},
  publisher={Springer}
}

@phdthesis{taylor1988congruences,
  title={On congruences between modular forms},
  author={Taylor, Richard Lawrence},
  year={1988},
  school={Princeton University}
}

@phdthesis{wan2012iwasawa,
  title={Iwasawa Theory for Unitary Groups},
  author={Wan, X and others},
  year={2012},
  school={Ph. D. thesis, Princeton University}
}

@article{ribet1980division,
  title={Division fields of abelian varieties with complex multiplication},
  author={Ribet, KA},
  journal={M{\'e}m. Soc. Math. France (NS)},
  volume={2},
  number={75-94},
  pages={81},
  year={1980}
}

@article{billerey2013modularity,
  title={On the modularity of reducible mod l Galois representations},
  author={Billerey, Nicolas and Menares, Ricardo},
  journal={arXiv preprint arXiv:1309.3717},
  year={2013}
}

@article{patankar2017distinguishing,
  title={Distinguishing Galois representations by their normalized traces},
  author={Patankar, Vijay M and Rajan, CS},
  journal={Journal of Number Theory},
  volume={178},
  pages={118--125},
  year={2017},
  publisher={Elsevier}
}


@inproceedings{ribet1990taniyama,
  title={From the Taniyama-Shimura conjecture to Fermat's last theorem},
  author={Ribet, Kenneth A},
  booktitle={Annales de la Facult{\'e} des sciences de Toulouse: Math{\'e}matiques},
  volume={11},
  number={1},
  pages={116--139},
  year={1990}
}

@book{langlands2006functional,
  title={On the functional equations satisfied by Eisenstein series},
  author={Langlands, Robert P},
  volume={544},
  year={2006},
  publisher={Springer}
}

@article{wiles1995modular,
  title={Modular elliptic curves and Fermat's last theorem},
  author={Wiles, Andrew},
  journal={Annals of mathematics},
  volume={141},
  number={3},
  pages={443--551},
  year={1995},
  publisher={JSTOR}
}

@book{langlands1980base,
  title={Base change for GL (2)},
  author={Langlands, Robert P},
  number={96},
  year={1980},
  publisher={Princeton University Press}
}

@book{bruinier20081,
  title={The 1-2-3 of modular forms: lectures at a summer school in Nordfjordeid, Norway},
  author={Bruinier, Jan Hendrik and Van der Geer, Gerard and Harder, G{\"u}nter and Zagier, Don},
  year={2008},
  publisher={Springer Science \& Business Media}
}

@article{green2011inverse,
  title={An inverse theorem for the Gowers U4-norm},
  author={Green, Ben and Tao, Terence and Ziegler, Tamar},
  journal={Glasgow Mathematical Journal},
  volume={53},
  number={1},
  pages={1--50},
  year={2011},
  publisher={Cambridge University Press}
}

@article{frey1994remark,
  title={A remark concerning m-divisibility and the discrete logarithm in the divisor class group of curves},
  author={Frey, Gerhard and R{\"u}ck, Hans-Georg},
  journal={Mathematics of computation},
  volume={62},
  number={206},
  pages={865--874},
  year={1994}
}

@incollection{diamond1997l,
  title={l-adic modular deformations and Wiles’s “Main Conjecture”},
  author={Diamond, Fred and Ribet, Kenneth A},
  booktitle={Modular Forms and Fermat’s Last Theorem},
  pages={357--373},
  year={1997},
  publisher={Springer}
}

@article{mazur1986p,
  title={On $ p $-adic analytic families of Galois representations},
  author={Mazur, Barry and Wiles, Andrew},
  journal={Compositio Mathematica},
  volume={59},
  number={2},
  pages={231--264},
  year={1986}
}





















































